@misc{PHO20220620,
  author = {{Public Health Ontario}},
  title = {{Monkeypox in Ontario: May 20, 2022 to June 20, 2022}},
  year = {2022},
  month = {06},
  day = {21}
}